@techreport{kamel1993hilbert,
  title={{Hilbert R-tree: An improved R-tree using fractals}},
  author={Kamel, Ibrahim and Faloutsos, Christos},
  year={1993}
}

@misc{strava,
  title = {Strava},
  howpublished = {\url{https://www.strava.com/}},
  note = {Accessed: 2017-12-11}
}